<?xml version="1.0" encoding="UTF-8"?><record xmlns="http://www.loc.gov/MARC21/slim" xmlns:cinclude="http://apache.org/cocoon/include/1.0" xmlns:zs="http://www.loc.gov/zing/srw/">
  <leader>00525nz  a2200145n  4500</leader>
  <controlfield tag="001">n  85306375 </controlfield>
  <controlfield tag="003">DLC</controlfield>
  <controlfield tag="005">19870327115140.1</controlfield>
  <controlfield tag="008">860411n| acannaab|          |a aaa |||  </controlfield>
  <datafield tag="010" ind1=" " ind2=" ">
    <subfield code="a">n  85306375 </subfield>
  </datafield>
  <datafield tag="040" ind1=" " ind2=" ">
    <subfield code="a">DLC</subfield>
    <subfield code="c">DLC</subfield>
    <subfield code="d">DLC</subfield>
  </datafield>
  <datafield tag="100" ind1="1" ind2="0">
    <subfield code="a">Coward, Noel,</subfield>
    <subfield code="d">1899-1973.</subfield>
    <subfield code="t">This year of grace.</subfield>
    <subfield code="p">World weary</subfield>
  </datafield>
  <datafield tag="400" ind1="1" ind2="0">
    <subfield code="a">Coward, Noel,</subfield>
    <subfield code="d">1899-1973.</subfield>
    <subfield code="t">World weary</subfield>
  </datafield>
  <datafield tag="670" ind1=" " ind2=" ">
    <subfield code="a">Walker, S. Cabaret songs [SR] 1982?:</subfield>
    <subfield code="b">label (World weary)</subfield>
  </datafield>
  <datafield tag="670" ind1=" " ind2=" ">
    <subfield code="a">Bloom. American song</subfield>
    <subfield code="b">(World weary, song from musical This year of grace; music by Noel Coward)</subfield>
  </datafield>
</record>